@book{pott2013cable,
  title={Cable-driven parallel robots},
  author={Pott, Andreas and Bruckmann, Tobias},
  year={2013},
  publisher={Springer}
}